@ARTICLE{Jones92implementinglazy,
    author = {Simon L. Peyton Jones},
    title = {Implementing lazy functional languages on stock hardware: the Spineless Tagless G-machine - Version 2.5},
    journal = {Journal of Functional Programming},
    year = {1992},
    volume = {2},
    pages = {127--202}
}
@article{Naylor:2010:RR:1932681.1863556,
 author = {Naylor, Matthew and Runciman, Colin},
 title = {The reduceron reconfigured},
 journal = {SIGPLAN Not.},
 issue_date = {September 2010},
 volume = {45},
 number = {9},
 month = sep,
 year = {2010},
 issn = {0362-1340},
 pages = {75--86},
 numpages = {12},
 url = {http://doi.acm.org/10.1145/1932681.1863556},
 doi = {10.1145/1932681.1863556},
 acmid = {1863556},
 publisher = {ACM},
 address = {New York, NY, USA},
 keywords = {graph reduction, reconfigurable hardware},
} 
@misc{twitter,
  title = {Twitter},
  howpublished = {\url{http://twitter.com}}
}
@misc{twitterTOS,
  title = {Twitter Terms of Service},
  howpublished = {\url{http://twitter.com/tos}}
}
